@misc{medium,
  url = {https://tomohiroliu22.medium.com/%E6%B7%B1%E5%BA%A6%E5%AD%B8%E7%BF%92paper%E7%B3%BB%E5%88%97-10-cyclegan-d7c88cc8dd60}
}


@misc{torch-cyclegan-pix2pix,
  url = {https://github.com/junyanz/pytorch-CycleGAN-and-pix2pix}
}

@misc{hungyiML,
  url = {https://www.youtube.com/watch?v=MP0BnVH2yOo&t=2473s}
}


@misc{hungyiML2,
  url = {https://www.youtube.com/watch?v=wulqhgnDr7E&t=347s}
}

@misc{lab2rgb,
  url = {https://github.com/Soumyajit2709/Grayscale-Image-to-RGB-image-converter-using-Transfer-Learning-Method}
}

@misc{colorbar,
  url = {https://www.datacolor.com/wp-content/uploads/2023/09/CIELAB.jpg}
}

@misc{colorearth,
  url = {https://images.linshangtech.com/product190119/Lab-color-space.jpg}
}

@inproceedings{lsgan,
  title={Least squares generative adversarial networks},
  author={Mao, Xudong and Li, Qing and Xie, Haoran and Lau, Raymond YK and Wang, Zhen and Paul Smolley, Stephen},
  booktitle={Proceedings of the IEEE international conference on computer vision},
  pages={2794--2802},
  year={2017}
}

@inproceedings{pix2pix,
  title={Image-to-image translation with conditional adversarial networks},
  author={Isola, Phillip and Zhu, Jun-Yan and Zhou, Tinghui and Efros, Alexei A},
  booktitle={Proceedings of the IEEE conference on computer vision and pattern recognition},
  pages={1125--1134},
  year={2017}
}

@inproceedings{cyclegan,
  title={Unpaired image-to-image translation using cycle-consistent adversarial networks},
  author={Zhu, Jun-Yan and Park, Taesung and Isola, Phillip and Efros, Alexei A},
  booktitle={Proceedings of the IEEE international conference on computer vision},
  pages={2223--2232},
  year={2017}
}

@InProceedings{mscoco,
author="Lin, Tsung-Yi
and Maire, Michael
and Belongie, Serge
and Hays, James
and Perona, Pietro
and Ramanan, Deva
and Doll{\'a}r, Piotr
and Zitnick, C. Lawrence",
title="Microsoft COCO: Common Objects in Context",
booktitle="Computer Vision -- ECCV 2014",
year="2014",
page={1--16}
}




